<record><leader>00000cas a2200000Ma 4500</leader><controlfield tag="001">11059778</controlfield><controlfield tag="008">840816d18741917inuwr ne      0    0eng d</controlfield><datafield ind1=" " ind2=" " tag="010"><subfield code="a">sn 84023907 </subfield></datafield><datafield ind1=" " ind2=" " tag="040"><subfield code="a">AQM</subfield><subfield code="b">eng</subfield><subfield code="c">AQM</subfield><subfield code="d">OCLCQ</subfield></datafield><datafield ind1="0" ind2=" " tag="130"><subfield code="a">Decatur Democrat (Decatur, Ind.)</subfield></datafield><datafield ind1="1" ind2="4" tag="245"><subfield code="a">The Decatur Democrat.</subfield></datafield><datafield ind1=" " ind2=" " tag="260"><subfield code="a">Decatur, Ind. :</subfield><subfield code="b">J. McGonagle</subfield></datafield><datafield ind1=" " ind2=" " tag="300"><subfield code="a">v.</subfield></datafield><datafield ind1=" " ind2=" " tag="310"><subfield code="a">Weekly</subfield></datafield><datafield ind1="1" ind2=" " tag="362"><subfield code="a">Began in Nov. 1874.</subfield></datafield><datafield ind1="1" ind2=" " tag="362"><subfield code="a">Ceased in 1917?</subfield><subfield code="z">Cf. Ayer, 1917.</subfield></datafield><datafield ind1=" " ind2=" " tag="588"><subfield code="a">Description based on: Vol. 20, no. 5 (May 10, 1876).</subfield></datafield><datafield ind1=" " ind2="7" tag="655"><subfield code="a">Newspapers.</subfield><subfield code="2">rbgenr</subfield></datafield><datafield ind1=" " ind2=" " tag="752"><subfield code="a">United States</subfield><subfield code="b">Indiana</subfield><subfield code="c">Adams</subfield><subfield code="d">Decatur.</subfield></datafield><datafield ind1="0" ind2="4" tag="780"><subfield code="t">Decatur eagle</subfield><subfield code="w">(DLC)sn 84027334</subfield><subfield code="w">(OCoLC)11022551</subfield></datafield><datafield ind1="0" ind2="4" tag="780"><subfield code="t">Decatur herald</subfield><subfield code="w">(DLC)sn 86058836</subfield></datafield><datafield ind1="0" ind2="5" tag="780"><subfield code="t">Democratic press (Decatur, Ind.)</subfield><subfield code="w">(DLC)sn 86058838</subfield></datafield></record>